<record><leader>00000cas a22000007a 4500</leader><controlfield tag="001">11944485</controlfield><controlfield tag="008">850420d19381973ohudn ne      0    0eng d</controlfield><datafield ind1=" " ind2=" " tag="010"><subfield code="a">sn 85038236 </subfield></datafield><datafield ind1=" " ind2=" " tag="040"><subfield code="a">NPY</subfield><subfield code="b">eng</subfield><subfield code="c">NPY</subfield><subfield code="d">ONP</subfield><subfield code="d">OCLCQ</subfield></datafield><datafield ind1=" " ind2=" " tag="042"><subfield code="a">msc</subfield></datafield><datafield ind1="0" ind2="0" tag="245"><subfield code="a">Fremont news-messenger.</subfield></datafield><datafield ind1=" " ind2=" " tag="260"><subfield code="a">Fremont, Ohio :</subfield><subfield code="b">Fremont Messenger Co.,</subfield><subfield code="c">1938-1973.</subfield></datafield><datafield ind1=" " ind2=" " tag="300"><subfield code="a">v. :</subfield><subfield code="b">ill. ;</subfield><subfield code="c">58 cm.</subfield></datafield><datafield ind1=" " ind2=" " tag="310"><subfield code="a">Daily (except Sun.)</subfield></datafield><datafield ind1="0" ind2=" " tag="362"><subfield code="a">Oct. 3, 1938-v. 117, no. 270 (Feb. 27, 1973).</subfield></datafield><datafield ind1=" " ind2=" " tag="500"><subfield code="a">July 30, 1949 is the Centennial edition.</subfield></datafield><datafield ind1=" " ind2=" " tag="500"><subfield code="a">"Democratic." Cf. Gutgesell, S. Guide to Ohio newspapers, 1974.</subfield></datafield><datafield ind1=" " ind2=" " tag="752"><subfield code="a">United States</subfield><subfield code="b">Ohio</subfield><subfield code="c">Sandusky</subfield><subfield code="d">Fremont.</subfield></datafield><datafield ind1="0" ind2="4" tag="780"><subfield code="t">Fremont daily news</subfield><subfield code="w">(DLC)sn 87076767</subfield></datafield><datafield ind1="0" ind2="4" tag="780"><subfield code="t">Fremont messenger</subfield><subfield code="w">(DLC)sn 87076769</subfield></datafield><datafield ind1="0" ind2="0" tag="785"><subfield code="t">News-messenger (Fremont, Ohio)</subfield><subfield code="w">(DLC)sn 87076770</subfield></datafield><datafield ind1="1" ind2=" " tag="029"><subfield code="a">AU@</subfield><subfield code="b">000025792154</subfield></datafield></record>